<record><leader>00000cas a22000007a 4500</leader><controlfield tag="001">14338695</controlfield><controlfield tag="008">861003d18931894ksuwr ne      0    0eng d</controlfield><datafield ind1=" " ind2=" " tag="010"><subfield code="a">sn 86064512 </subfield></datafield><datafield ind1=" " ind2=" " tag="040"><subfield code="a">KSH</subfield><subfield code="b">eng</subfield><subfield code="c">KSH</subfield><subfield code="d">NPT</subfield><subfield code="d">OCLCQ</subfield></datafield><datafield ind1=" " ind2=" " tag="042"><subfield code="a">msc</subfield></datafield><datafield ind1="0" ind2=" " tag="130"><subfield code="a">Weekly graphic (Atchison, Kan.)</subfield></datafield><datafield ind1="1" ind2="4" tag="245"><subfield code="a">The weekly graphic.</subfield></datafield><datafield ind1="3" ind2="0" tag="246"><subfield code="a">Graphic</subfield></datafield><datafield ind1=" " ind2=" " tag="260"><subfield code="a">Atchison, Kan. :</subfield><subfield code="b">W.C. Adkins,</subfield><subfield code="c">1893-</subfield></datafield><datafield ind1=" " ind2=" " tag="300"><subfield code="a">v. :</subfield><subfield code="b">ill. ;</subfield><subfield code="c">55 cm.</subfield></datafield><datafield ind1=" " ind2=" " tag="310"><subfield code="a">Weekly</subfield></datafield><datafield ind1="0" ind2=" " tag="362"><subfield code="a">Vol. 4, no. 28 (Sept. 29, 1893)-</subfield></datafield><datafield ind1="1" ind2=" " tag="362"><subfield code="a">Ceased with Jan. 19, 1894 issue?</subfield></datafield><datafield ind1=" " ind2=" " tag="500"><subfield code="a">Published as: Graphic, Dec. 1, 1893-Jan. 19, 1894.</subfield></datafield><datafield ind1=" " ind2=" " tag="500"><subfield code="a">"People's party."</subfield></datafield><datafield ind1=" " ind2=" " tag="752"><subfield code="a">United States</subfield><subfield code="b">Kansas</subfield><subfield code="c">Atchison</subfield><subfield code="d">Atchison.</subfield></datafield><datafield ind1="0" ind2="4" tag="780"><subfield code="t">People's press (Atchison, Kan.)</subfield><subfield code="w">(DLC)sn 83040142</subfield></datafield><datafield ind1="0" ind2="4" tag="780"><subfield code="t">Atchison County graphic</subfield><subfield code="w">(DLC)sn 83040129</subfield></datafield><datafield ind1="1" ind2=" " tag="029"><subfield code="a">AU@</subfield><subfield code="b">000025097132</subfield></datafield></record>